<record xmlns="http://www.loc.gov/MARC21/slim" xmlns:xsi="http://www.w3.org/2001/XMLSchema-instance" xsi:schemaLocation="http://www.loc.gov/MARC21/slim http://www.loc.gov/standards/marcxml/schema/MARC21slim.xsd"><leader>02131nam a2200337   4500</leader><controlfield tag="001">3093050</controlfield><controlfield tag="003">NNC</controlfield><controlfield tag="006">m        d        </controlfield><controlfield tag="007">cr cn |||m|||a</controlfield><controlfield tag="008">150110s1935    ua      o     000 0 ara d</controlfield><datafield ind1=" " ind2=" " tag="040"><subfield code="a">NNU</subfield><subfield code="b">eng</subfield><subfield code="e">rda</subfield><subfield code="c">NNU</subfield></datafield><datafield ind1=" " ind2="4" tag="050"><subfield code="a">BP131</subfield><subfield code="b">.Z36 1935</subfield></datafield><datafield ind1="1" ind2=" " tag="100"><subfield code="6">880-01</subfield><subfield code="a">Zanja&#772;ni&#772;, Abu&#772; &#699;Abd Alla&#772;h.</subfield></datafield><datafield ind1="1" ind2="0" tag="245"><subfield code="6">880-02</subfield><subfield code="a">Ta&#700;ri&#772;kh al-Qur&#700;a&#772;n :</subfield><subfield code="b"> kita&#772;b waji&#772;z yabh&#803;athu &#699;an si&#772;rat al-Nabi&#772; al-kari&#772;m wa-al-Qur&#700;a&#772;n al-kari&#772;m wa-al-adwa&#772;r allati&#772; marrat bihi min h&#803;aythu kita&#772;batihi wa-jam&#699;ihi wa-tarti&#772;bihi wa-tarjamatihi ila&#769; sa&#772;&#700;ir al-lugha&#772;t /</subfield><subfield code="c">ta&#700;li&#772;f Abi&#772; &#699;Abdi Alla&#772;h al-Zanja&#772;ni&#772;, wamus&#803;addar bimuqaddimah li-Ah&#803;mad Ami&#772;n.</subfield></datafield><datafield ind1=" " ind2=" " tag="260"><subfield code="6">880-03</subfield><subfield code="a">al-Qa&#772;hirah :</subfield><subfield code="b">Mat&#803;ba&#699;at Lajnat al-Ta&#700;li&#772;f wa al-Tarjamah wa al-Nashr,</subfield><subfield code="c">1345 h., 1935 m.</subfield></datafield><datafield ind1=" " ind2=" " tag="300"><subfield code="a">online resource (20, 83 pages)</subfield></datafield><datafield ind1=" " ind2=" " tag="336"><subfield code="a">text</subfield><subfield code="2">rdacontent</subfield></datafield><datafield ind1=" " ind2=" " tag="337"><subfield code="a">computer</subfield><subfield code="2">rdamedia</subfield></datafield><datafield ind1=" " ind2=" " tag="338"><subfield code="a">online resource</subfield><subfield code="2">rdacarrier</subfield></datafield><datafield ind1=" " ind2=" " tag="500"><subfield code="a">Part of the Arabic Collections Online (ACO) project, contributed by Columbia University Libraries.</subfield></datafield><datafield ind1=" " ind2=" " tag="533"><subfield code="a">Electronic reproduction.</subfield><subfield code="b">New York, N.Y. :</subfield><subfield code="c">New York University,</subfield><subfield code="d">2015.</subfield><subfield code="5">NNU</subfield></datafield><datafield ind1="0" ind2="0" tag="630"><subfield code="a">Qur&#700;an</subfield><subfield code="x">History.</subfield></datafield><datafield ind1="2" ind2=" " tag="710"><subfield code="a">Columbia University.</subfield><subfield code="b">Libraries.</subfield></datafield><datafield ind1="0" ind2=" " tag="730"><subfield code="a">Arabic Collections Online.</subfield></datafield><datafield ind1="0" ind2="8" tag="776"><subfield code="i">Print version:</subfield><subfield code="a">Zanja&#772;ni&#772;, Abu&#772; &#699;Abd Alla&#772;h.</subfield><subfield code="t">Ta&#700;ri&#772;kh al-Qur&#700;a&#772;n</subfield><subfield code="w">(NNC)3093050</subfield><subfield code="w">(OCoLC)48032591</subfield></datafield><datafield ind1="4" ind2="0" tag="856"><subfield code="u">http://hdl.handle.net/2333.1/76hdr9mv</subfield></datafield><datafield ind1="1" ind2=" " tag="880"><subfield code="6">100-01/r</subfield><subfield code="a">&#1586;&#1606;&#1580;&#1575;&#1606;&#1610;&#1548; &#1575;&#1576;&#1608; &#1593;&#1576;&#1583; &#1575;&#1604;&#1604;&#1607;.</subfield></datafield><datafield ind1="1" ind2="0" tag="880"><subfield code="6">245-02/r</subfield><subfield code="a">&#1578;&#1571;&#1585;&#1610;&#1582; &#1575;&#1604;&#1602;&#1585;&#1570;&#1606; :</subfield><subfield code="b"> &#1603;&#1578;&#1575;&#1576; &#1608;&#1580;&#1610;&#1586; &#1610;&#1576;&#1581;&#1579; &#1593;&#1606; &#1587;&#1610;&#1585;&#1577; &#1575;&#1604;&#1606;&#1576;&#1610; &#1575;&#1604;&#1603;&#1585;&#1610;&#1605; &#1608;&#1575;&#1604;&#1602;&#1585;&#1570;&#1606; &#1575;&#1604;&#1603;&#1585;&#1610;&#1605; &#1608;&#1575;&#1604;&#1575;&#1583;&#1608;&#1575;&#1585; &#1575;&#1604;&#1578;&#1610; &#1605;&#1585;&#1578; &#1576;&#1607; &#1605;&#1606; &#1581;&#1610;&#1579; &#1603;&#1578;&#1575;&#1576;&#1578;&#1607; &#1608;&#1580;&#1605;&#1593;&#1607; &#1608;&#1578;&#1585;&#1578;&#1610;&#1576;&#1607; &#1608;&#1578;&#1585;&#1580;&#1605;&#1578;&#1607; &#1575;&#1604;&#1609; &#1587;&#1575;&#1574;&#1585; &#1575;&#1604;&#1604;&#1594;&#1575;&#1578; /</subfield><subfield code="c">&#1578;&#1571;&#1604;&#1610;&#1601; &#1575;&#1576;&#1610; &#1593;&#1576;&#1583; &#1575;&#1604;&#1604;&#1607; &#1575;&#1604;&#1586;&#1606;&#1580;&#1575;&#1606;&#1610;&#1548; &#1608;&#1605;&#1589;&#1583;&#1585; &#1576;&#1605;&#1602;&#1583;&#1605;&#1577; &#1604;&#1575;&#1581;&#1605;&#1583; &#1575;&#1605;&#1610;&#1606;.</subfield></datafield><datafield ind1=" " ind2=" " tag="880"><subfield code="6">260-03/r</subfield><subfield code="a">&#1575;&#1604;&#1602;&#1575;&#1607;&#1585;&#1577; :</subfield><subfield code="b">&#1605;&#1591;&#1576;&#1593;&#1577; &#1604;&#1580;&#1606;&#1577; &#1575;&#1604;&#1578;&#1571;&#1604;&#1610;&#1601; &#1608; &#1575;&#1604;&#1578;&#1585;&#1580;&#1605;&#1577; &#1608; &#1575;&#1604;&#1606;&#1588;&#1585;&#1548;</subfield><subfield code="c">1345 h., 1935 m.</subfield></datafield><datafield ind1=" " ind2=" " tag="959"><subfield code="a">NNU</subfield><subfield code="b">WEB</subfield><subfield code="c">GENI</subfield><subfield code="t">0</subfield><subfield code="m">Electronic access</subfield><subfield code="s">01</subfield></datafield><datafield ind1=" " ind2=" " tag="999"><subfield code="i">NNC_3093050</subfield><subfield code="o">(OCoLC)48032591</subfield></datafield></record>